<?xml version="1.0" encoding="UTF-8"?>
<record xmlns="http://www.loc.gov/MARC21/slim">
  <leader>01528cjm a2200433 a 4500</leader>
  <controlfield tag="001">4445730</controlfield>
  <controlfield tag="003">LTSCA</controlfield>
  <controlfield tag="005">20091202131324.0</controlfield>
  <controlfield tag="007">sd fsngnnmmneu</controlfield>
  <controlfield tag="008">030217s2003    caublnn           n eng d</controlfield>
  <datafield tag="010" ind1=" " ind2=" ">
    <subfield code="a">  2003584619</subfield>
  </datafield>
  <datafield tag="024" ind1="1" ind2="0">
    <subfield code="a">019148508026</subfield>
  </datafield>
  <datafield tag="028" ind1="0" ind2="2">
    <subfield code="a">BPCD 5080</subfield>
    <subfield code="b">Blind Pig</subfield>
  </datafield>
  <datafield tag="028" ind1="0" ind2="0">
    <subfield code="a">5080</subfield>
    <subfield code="b">Blind Pig</subfield>
  </datafield>
  <datafield tag="035" ind1=" " ind2=" ">
    <subfield code="a">ocm51658080</subfield>
  </datafield>
  <datafield tag="040" ind1=" " ind2=" ">
    <subfield code="a">IF9</subfield>
    <subfield code="c">IF9</subfield>
    <subfield code="d">DLC</subfield>
    <subfield code="d">MUU</subfield>
    <subfield code="d">AEU</subfield>
  </datafield>
  <datafield tag="049" ind1=" " ind2=" ">
    <subfield code="a">UABA</subfield>
  </datafield>
  <datafield tag="050" ind1=" " ind2="4">
    <subfield code="a">M1630.18.K95</subfield>
    <subfield code="b">R63 2003</subfield>
  </datafield>
  <datafield tag="050" ind1="0" ind2="0">
    <subfield code="a">SDA 67888</subfield>
  </datafield>
  <datafield tag="082" ind1=" " ind2="4">
    <subfield code="a">781.643</subfield>
  </datafield>
  <datafield tag="090" ind1=" " ind2=" ">
    <subfield code="a">M 1630.18 K95 R63 2003</subfield>
    <subfield code="b">AEU</subfield>
  </datafield>
  <datafield tag="100" ind1="1" ind2=" ">
    <subfield code="a">Kubek, Smokin&apos; Joe.</subfield>
  </datafield>
  <datafield tag="245" ind1="1" ind2="0">
    <subfield code="a">Roadhouse research</subfield>
    <subfield code="h">[sound recording].</subfield>
  </datafield>
  <datafield tag="260" ind1=" " ind2=" ">
    <subfield code="a">San Francisco :</subfield>
    <subfield code="b">Blind Pig,</subfield>
    <subfield code="c">p2003.</subfield>
  </datafield>
  <datafield tag="300" ind1=" " ind2=" ">
    <subfield code="a">1 sound disc :</subfield>
    <subfield code="b">digital, stereo. ;</subfield>
    <subfield code="c">4 3/4 in.</subfield>
  </datafield>
  <datafield tag="500" ind1=" " ind2=" ">
    <subfield code="a">Blues.</subfield>
  </datafield>
  <datafield tag="500" ind1=" " ind2=" ">
    <subfield code="a">Compact disc.</subfield>
  </datafield>
  <datafield tag="505" ind1="0" ind2="0">
    <subfield code="t">Healthy mama --</subfield>
    <subfield code="t">Tell me why --</subfield>
    <subfield code="t">Cryin&apos; shame --</subfield>
    <subfield code="t">Got to get paid --</subfield>
    <subfield code="t">Better be getting it on --</subfield>
    <subfield code="t">Runnin&apos; blind --</subfield>
    <subfield code="t">The blues is still with us --</subfield>
    <subfield code="t">Make it right --</subfield>
    <subfield code="t">I need more --</subfield>
    <subfield code="t">Standing in my door.</subfield>
  </datafield>
  <datafield tag="511" ind1="0" ind2=" ">
    <subfield code="a">Smokin&apos; Joe Kubek, guitar ; Bnois King, guitar, vocals ; Paul Jenkins, bass ; Ralph Power, drums.</subfield>
  </datafield>
  <datafield tag="518" ind1=" " ind2=" ">
    <subfield code="a">Recorded at Audio Dallas, Dallas, Tex.</subfield>
  </datafield>
  <datafield tag="596" ind1=" " ind2=" ">
    <subfield code="a">43</subfield>
  </datafield>
  <datafield tag="650" ind1=" " ind2="0">
    <subfield code="a">Blues (Music)</subfield>
    <subfield code="y">2001-2010.</subfield>
  </datafield>
  <datafield tag="650" ind1=" " ind2="0">
    <subfield code="a">Guitar music (Blues)</subfield>
  </datafield>
  <datafield tag="700" ind1="1" ind2=" ">
    <subfield code="a">King, Bnois.</subfield>
  </datafield>
  <datafield tag="700" ind1="1" ind2=" ">
    <subfield code="a">Jenkins, Paul,</subfield>
    <subfield code="c">bassist.</subfield>
  </datafield>
  <datafield tag="700" ind1="1" ind2=" ">
    <subfield code="a">Power, Ralph.</subfield>
  </datafield>
  <datafield tag="949" ind1=" " ind2=" ">
    <subfield code="a">M 1630.18 K95 R63 2003</subfield>
    <subfield code="c">1</subfield>
    <subfield code="h">UAHS-MC-B</subfield>
    <subfield code="i">0162028130936</subfield>
  </datafield>
  <datafield tag="994" ind1=" " ind2=" ">
    <subfield code="a">C0</subfield>
    <subfield code="b">UAB</subfield>
  </datafield>
  <datafield tag="926" ind1=" " ind2=" ">
    <subfield code="a">UAHSS</subfield>
    <subfield code="b">MUSIC_CD</subfield>
    <subfield code="c">M 1630.18 K95 R63 2003</subfield>
    <subfield code="d">MUSICSOUND</subfield>
    <subfield code="f">1</subfield>
  </datafield>
</record>
